% Encoding: UTF-8

@Book{auto,
  title =     {Теория автоматов},
  publisher = {Питер},
  year =      {2003},
  author =    {Карпов, Ю. Г.},
  address =   {СПб.},
  language =  {russian},
  numpages =  {208}
}

@Online{bdd,
  language = {russian},
  media =    {eresource},
  title =    {Бинарная диаграмма решений},
  url =      {http://ru.wikipedia.org/wiki/бинарная_диаграмма_решений},
  urldate =  {2016-01-23}
}

@Online{gost,
  language = {russian},
  media =    {eresource},
  title =    {Стиль по ГОСТ для BiBLaTeX},
  url =      {https://www.ctan.org/pkg/biblatex-gost},
  urldate =  {2016-02-21}
}

@Book{modelcheck,
  title =     {Model Checking. Верификация параллельных и распределенных программных систем.},
  publisher = {БХВ - Петербург},
  year =      {2010},
  author =    {Карпов, Ю. Г.},
  address =   {СПб.},
  language =  {russian},
  numpages =  {560}
}

@Book{shosh,
  title =  {Использование бинарных решающих диаграмм для решения логических задач},
  author = {Беляев, А. Б. and Шошмина, И. В.}
}
