% Encoding: UTF-8

@Book{auto,
  title =     {Теория автоматов},
  publisher = {Питер},
  year =      {2003},
  author =    {Карпов, Ю. Г.},
  address =   {СПб.},
  langid =    {russian},
  language =  {russian},
  pagetotal = {208}
}

@Online{autonum,
  url =      {https://www.ctan.org/pkg/autonum},
  media =    {eresource},
  title =    {Autonum package},
  language = {english},
  urldate =  {2016-02-23}
}

@Online{bdd,
  url =      {http://ru.wikipedia.org/wiki/бинарная_диаграмма_решений},
  media =    {eresource},
  title =    {Бинарная диаграмма решений},
  langid =   {russian},
  language = {russian},
  urldate =  {2016-01-23}
}

@Online{biblatex,
  url =      {http://ctan.org/pkg/biblatex},
  media =    {eresource},
  title =    {BiBLaTeX package},
  language = {english},
  urldate =  {2016-02-22}
}

@Online{cancel,
  url =      {https://www.ctan.org/pkg/cancel},
  media =    {eresource},
  title =    {Cancel package},
  language = {english},
  urldate =  {2016-02-22}
}

@Online{cleveref,
  url =      {https://www.ctan.org/pkg/cleveref},
  media =    {eresource},
  title =    {Cleveref package},
  language = {english},
  urldate =  {2016-02-23}
}

@Online{float,
  url =      {https://www.ctan.org/pkg/float},
  media =    {eresource},
  title =    {Float package},
  language = {english},
  urldate =  {2016-02-22}
}

@Online{git,
  url =      {https://git-scm.com/},
  media =    {eresource},
  title =    {Git distributed version control system},
  language = {english},
  urldate =  {2016-02-25}
}

@Online{gitsvn,
  url =      {https://git-scm.com/docs/git-svn},
  media =    {eresource},
  title =    {git-svn Documentation},
  language = {english},
  urldate =  {2016-02-25}
}

@Online{gost,
  url =      {https://www.ctan.org/pkg/biblatex-gost},
  media =    {eresource},
  title =    {Стиль ГОСТ для BiBLaTeX},
  langid =   {russian},
  language = {russian},
  urldate =  {2016-02-21}
}

@Online{hyperref,
  url =      {https://www.ctan.org/pkg/hyperref},
  media =    {eresource},
  title =    {Hyperref package},
  language = {english},
  urldate =  {2016-02-23}
}

@Online{mathtools,
  url =      {https://www.ctan.org/pkg/mathtools},
  media =    {eresource},
  title =    {Mathtools package},
  language = {english},
  urldate =  {2016-02-22}
}

@Book{modelcheck,
  title =     {Model Checking. Верификация параллельных и распределенных программных систем},
  publisher = {БХВ - Петербург},
  year =      {2010},
  author =    {Карпов, Ю. Г.},
  address =   {СПб.},
  langid =    {russian},
  language =  {russian},
  pagetotal = {560}
}

@Online{multirow,
  url =      {https://www.ctan.org/pkg/multirow},
  media =    {eresource},
  title =    {Multirow package},
  language = {english},
  urldate =  {2016-02-22}
}

@Online{pgf,
  url =       {http://ftp.fau.de/ctan/graphics/pgf/base/doc/pgfmanual.pdf},
  title =     {The TikZ \& PGF Packages},
  editor =    {Till Tantau},
  langid =    {english},
  language =  {english},
  pagetotal = {1161},
  urldate =   {2016-02-22},
  version =   {3.0.1a},
  year =      {2015}
}

@Book{shosh,
  title =    {Использование бинарных решающих диаграмм для решения логических задач},
  author =   {Беляев, А. Б. and Шошмина, И. В.},
  langid =   {russian},
  language = {rusian}
}

@Online{smartgit,
  url =       {http://www.syntevo.com/smartgit/},
  media =     {eresource},
  title =     {Git Client SmartGit},
  language =  {english},
  publisher = {syntevo},
  urldate =   {2016-02-25}
}

@Online{soul,
  url =      {https://www.ctan.org/pkg/soul},
  media =    {eresource},
  title =    {Soul package},
  language = {english},
  urldate =  {2016-02-22}
}

@Online{subcap,
  url =      {https://www.ctan.org/pkg/subcaption},
  media =    {eresource},
  title =    {Subcaption package},
  language = {english},
  urldate =  {2016-02-22}
}

@Online{svnbridge,
  url =      {http://www.syntevo.com/smartgit/svn-index},
  media =    {eresource},
  title =    {A bridge to Subversion},
  language = {english},
  urldate =  {2016-02-25}
}

@Online{svnred,
  url =      {http://svnbook.red-bean.com/nightly/ru/index.html},
  media =    {eresource},
  title =    {SVN Red VBook},
  author =   {Коллинз-Сассман, Бен and Фитцпатрик, Брайан У. and Пилато, К. Майкл},
  language = {russian},
  urldate =  {2016-02-25},
  year =     {2007}
}

@Online{varioref,
  url =      {https://www.ctan.org/pkg/varioref},
  media =    {eresource},
  title =    {Varioref package},
  language = {english},
  urldate =  {2016-02-23}
}

@comment{jabref-entrytype: Online: req[url;media;title] opt[]}
